@article{dixon_coles,
    title = {{Modelling Association Football Scores and Inefficiencies in the Football Betting Market}},
    author = {Dixon, Mark J. and Coles, Stuart G.},
    journal = {Applied Statistics},
    volume = {46},
    number = {2},
    year = {1997},
    pages = {265--280}
}

@article{dixon_robinson,
    title = {{A Birth Process Model for Association Football Matches}},
    author = {Dixon, Mark J. and Robinson, Michael E.},
    journal = {The Statistician},
    volume = {47},
    number = {3},
    year = {1998},
    pages = {523--538}
}
	
@book{theoretical_stat,
    title = {{Theoretical Statistics}},
    author = {Cox, D. R. and Hinkley, D. V.},
    publisher = {Chapman and Hall Ltd},
    year = {1974}
    
}

@book{poisson,
    title = {{Handbook of the Poisson distribution}},
    author = {Haight, Frank A.},
    publisher = {Wiley},
    year = {1967}
}



@article{player_criteria,
	title = {{System of the performance evaluation criteria weighted per positions in the basketball game}},
	author = {Trninic, S. and Dizdar, D.},
	journal = {Coll. Antropol.},
	volume = {24},
	number = {1},
	pages = {217--234},
	year = {2000}
}

@article{fantasy_football_effects,
	author = {Drayer, Joris and Shapiro, Stephen L. and Dwyer, Brendan and Morse, Alan L. and White, Joel},
	title = {{The effects of fantasy football participation on NFL consumption: A qualitative analysis}},
	journal = {Sport Management Review},
	volume = {13},
	number = {2},
	year = {2010},
	pages = {129-141}
}

@misc{basketball_reference,
	title = {{Basketball-Reference.com - Basketball Statistics and History}},
	howpublished = {\url{https://www.basketball-reference.com/}},
	note = {Accessed: 2017-06-12}
} 

@misc{beautifulsoup,
    title = {{Beautiful Soup Documentation}},
    howpublished = {\url{https://www.crummy.com/software/BeautifulSoup/bs4/doc/}},
    note = {Accessed: 2017-06-12},
    year = {2015}
}

@inproceedings{data_mining_basketball,
	title = {{The Use of Data Mining for Basketball Matches Outcomes Prediction}},
	author = {Miljkovic, Dragan and Gajic, Ljubisa and Kovacevic, Aleksandar and Konjovic, Zora},
	booktitle = {IEEE 8th International Symposium on Intelligent Systems and Informatics},
	year = {2010},
	pages = {309--312},
	month = {Sept}
}

@article{nba_hot_hand,
    author = {Gilvoich, Thomas and Vallone, Robert and Tversky, Amos},
    title = {{The Hot Hand in Basketball: On the Misperception
of Random Sequences}},
    journal = {Cognitive Psychology},
    volume = {17},
    number = {3},
    pages = {295--314},
    year = {1985}
}

@inproceedings{nba_defense,
    author = {Franks, Alexander and Miller, Andrew and Bornn, Luke and Goldsberry, Kirk},
    title = {{Counterpoints: Advanced Defensive Metrics for NBA Basketball}},
    booktitle = {9th Annual MIT SLOAN Sports Analytics Conference},
    year = {2015},
    location = {Boston, USA}
}

@ARTICLE{nba_spatial_analysis,
   author = {{Miller}, A. and {Bornn}, L. and {Adams}, R. and {Goldsberry}, K.
	},
    title = "{Factorized Point Process Intensities: A Spatial Analysis of Professional Basketball}",
  journal = {ArXiv e-prints},
  year = {2014},
    month = {Jan}
  }

@inproceedings{nba_taxonomy,
    author = {Maymin, Philip},
    title = {{Acceleration in the NBA: Towards an Algorithmic Taxonomy of Basketball Plays}},
    booktitle = {7th Annual MIT SLOAN Sports Analytics Conference},
    year = {2013},
    location = {Boston, USA}
}

@INPROCEEDINGS{nba_fuzzy_prediction, 
author={Trawinski, Krzysztof}, 
booktitle={International Conference on Fuzzy Systems}, 
title={A fuzzy classification system for prediction of the results of the basketball games}, 
year={2010}, 
pages={1--7},
month={July},}

@misc{betting_odds,
	author={BetExplorer},
	howpublished={\url{http://www.betexplorer.com/basketball/usa/nba/}},
	note = {Accessed: 2017-06-12}
}

@INPROCEEDINGS{nba_fuzzy_prediction_player, 
author={M. Atlas and Yan-Qing Zhang}, 
booktitle={Web Intelligence, 2004. WI 2004. Proceedings. IEEE/WIC/ACM International Conference on}, 
title={Fuzzy Neural Agents for Online NBA Scouting}, 
year={2004}, 
pages={58-63}, 
month={Sept},}

@article{basketball_team_cohesion,
	author = {Muthiane, Charles M. and Rintaugu, Elijah G. and Mwisukha, Andanje},
	title = {{The Relationship between Team Cohesion and Performance in Basketball League in Kenya}},
	journal = {International Journal of Applied Psychology},
	year = {2015},
	volume = {5},
	number = {4},
	pages = {90--95}
}

@book{moneyball,
author = {Lewis, Michael},
title = {{Moneyball: The Art of Winning an Unfair Game}},
publisher = {W. W. Norton \& Company},
year = {2004},
}

@article{team_cohesion,

author = {Carron, Albert V.},
title = {{Cohesiveness in Sport Groups: Interpretations and Considerations}},
journal = {Journal of Sport Psychology},
volume = {4},
pages = {123--138},
year = {1982}
}

@misc{western_conference,
author = {Exner, Rich},
howpublished = {\url{http://www.cleveland.com/datacentral/index.ssf/2017/04/nbas_western_conference_tops_e_1.html}},
title = {{NBA's Western Conference tops East for 17th time in 18 seasons}},
year = {2017},

}

